@misc{schwaber2017scrum,
	title={The Scrum Guide},
	author={Schwaber, Ken and Sutherland, Jeff},
	howpublished={\url{https://www.scrumguides.org/}},
    month={November},
	year={2017}
}